%% This BibTeX bibliography file was created using BibDesk.
%% http://bibdesk.sourceforge.net/


%% Created for Jameson K. M. Watts at 2015-03-18 15:13:26 -0700 


%% Saved with string encoding Unicode (UTF-8) 



@article{achrol2012,
	Author = {Ravi S. Achrol and Philip Kotler},
	Journal = {Journal of the Academy of Marketing Science},
	Number = {1},
	Pages = {35-52},
	Title = {Frontiers of the marketing paradigm in the third millennium},
	Volume = {40},
	Year = {2012}}

@article{achrol1999,
	Author = {Ravi S. Achrol and Philip Kotler},
	Journal = {The Journal of Marketing},
	Month = {Special Issue},
	Number = {Fundamental Issues and Directions for Marketing},
	Pages = {146-163},
	Title = {Marketing in the network economy},
	Volume = {63},
	Year = {1999}}

@book{alderson1965a,
	Address = {Homewood, Illinois},
	Author = {W. Alderson},
	Publisher = {Richard D. Irwin Inc.},
	Title = {Dynamic marketing behaviour: A functionalist theory of marketing},
	Year = {1965}}

@article{alderson1965b,
	Author = {Wroe Alderson and Miles W. Martin},
	Journal = {Journal of Marketing Research},
	Number = {May},
	Pages = {117-127},
	Title = {Toward a formal theory of transactions and transvections},
	Volume = {2},
	Year = {1965}}

@article{ama1937,
	Author = {AMA},
	Journal = {American Marketing Association: An Assoication for the Advancement of Science in Marketing, Proposal for Constitution and By-Laws},
	Year = {1937}}

@book{arthur2009,
	Author = {W. Brian Arthur},
	Publisher = {New York: Free Press},
	Title = {The nature of technology: What it is and how it evolves},
	Year = {2009}}

@article{bagozzi1978,
	Author = {Richard P. Bagozzi},
	Journal = {American Behavioral Scientist},
	Number = {4},
	Pages = {535-556},
	Title = {Marketing as exchange: a theory of transactions in the marketplace},
	Volume = {21},
	Year = {1978}}

@article{bagozzi1975,
	Author = {Richard P. Bagozzi},
	Journal = {The Journal of Marketing},
	Number = {October},
	Pages = {32-39},
	Title = {Marketing as exchange},
	Volume = {39},
	Year = {1975}}

@article{bagozzi1974,
	Author = {Richard P. Bagozzi},
	Journal = {The Journal of Marketing},
	Number = {October},
	Pages = {77-81},
	Title = {Marketing as an organized behavioral system of exchange},
	Volume = {38},
	Year = {1974}}

@book{bartlett1932,
	Address = {Cambridge, England},
	Author = {Frederic Charles Bartlett},
	Publisher = {Cambridge University Press},
	Title = {Remembering: A study in experimental and social psychology},
	Volume = {14},
	Year = {1932}}

@book{bastiat1848,
	Address = {Princeton, N.J.},
	Author = {Frederic Bastiat},
	Publisher = {D. Van Nostrand Princeton},
	Title = {Selected essays on political economy},
	Year = {1848/1964}}

@book{bateson1972,
	Address = {Chicago},
	Author = {G. Bateson},
	Publisher = {University of Chicago Press},
	Title = {Steps to an Ecology of Mind},
	Year = {1972}}

@book{blalock1979,
	Address = {New York},
	Author = {Hubert M. Blalock and Paul H. Wilken},
	Publisher = {Free Press},
	Title = {Intergroup processes: A micro-macro perspective},
	Year = {1979}}

@article{daft1984,
	Author = {Richard L. Daft and Karl E. Weick},
	Date-Modified = {2015-03-18 21:16:44 +0000},
	Journal = {Academy of Management Review},
	Number = {2},
	Pages = {284-295},
	Title = {Toward a model of organizations as interpretation systems},
	Volume = {9},
	Year = {1984}}

@article{day1994,
	Author = {George S. Day and Prakash Nedungadi},
	Journal = {The Journal of Marketing},
	Number = {April},
	Pages = {31-44},
	Title = {Managerial representations of competitive advantage},
	Volume = {58},
	Year = {1994}}

@article{denzau1994,
	Author = {Arthur T. Denzau and Douglass C. North},
	Journal = {Kyklos},
	Number = {1},
	Pages = {3-31},
	Title = {Shared mental models: ideologies and institutions},
	Volume = {47},
	Year = {1994}}

@article{desarbo1995,
	Author = {Wayne S. DeSarbo and Venkatram Ramaswamy and Steven H. Cohen},
	Journal = {Marketing Letters},
	Number = {2},
	Pages = {137-147},
	Title = {Market segmentation with choice-based conjoint analysis},
	Volume = {6},
	Year = {1995}}

@article{dickson1992,
	Author = {Peter Reid Dickson},
	Journal = {The Journal of Marketing},
	Month = {Jan.},
	Number = {1},
	Pages = {pp. 69-83},
	Title = {Toward a General Theory of Competitive Rationality},
	Volume = {56},
	Year = {1992}}

@article{erickson1985,
	Author = {Gary M. Erickson and Johny K. Johansson},
	Journal = {Journal of Consumer Research},
	Number = {September},
	Pages = {195-199},
	Title = {The role of price in multi-attribute product evaluations},
	Volume = {12},
	Year = {1985}}

@article{fligstein1996,
	Author = {Neil Fligstein},
	Journal = {American Sociological Review},
	Number = {4},
	Pages = {656-673},
	Title = {Markets as politics: A political-cultural approach to market institutions},
	Volume = {61},
	Year = {1996}}

@article{franke2004,
	Author = {Nikolaus Franke and Frank Piller},
	Journal = {Journal of Product Innovation Management},
	Number = {6},
	Pages = {401-415},
	Title = {Value creation by toolkits for user innovation and design: The case of the watch market},
	Volume = {21},
	Year = {2004}}

@inbook{gardner1987,
	Address = {Chicago},
	Author = {David M. Gardner},
	Editor = {Houston,Michael},
	Pages = {162-194},
	Publisher = {American Marketing Association},
	Series = {Review of Marketing},
	Title = {The product life cycle: a critical look at the literature},
	Year = {1987}}

@book{georgescu1971,
	Address = {Cambridge, Mass.},
	Author = {N. Georgescu-Roegen},
	Number = {330},
	Publisher = {Harvard University Press},
	Title = {The Entropy Law and the Economic Process},
	Volume = {83},
	Year = {1971}}

@book{giddens1991,
	Address = {Berkeley California},
	Author = {Anthony Giddens},
	Publisher = {University of California Press},
	Title = {The Constitution of Society},
	Year = {1991}}

@article{granovetter1985,
	Author = {M. Granovetter},
	Date-Modified = {2015-03-18 21:24:11 +0000},
	Journal = {American Journal of Sociology},
	Number = {3},
	Pages = {481-510},
	Title = {Economic action and social structure: the problem of embeddedness},
	Volume = {91},
	Year = {1985}}

@article{greeno1970,
	Author = {James G. Greeno},
	Journal = {Philosophy of Science},
	Month = {Jun.},
	Number = {2},
	Pages = {pp. 279-294},
	Title = {Evaluation of Statistical Hypotheses Using Information Transmitted},
	Volume = {37},
	Year = {1970}}

@article{hofstede1999,
	Author = {Frenkel Ter Hofstede and Jan-Benedict EM Steenkamp and Michel Wedel},
	Journal = {Journal of Marketing Research},
	Number = {1},
	Pages = {1-17},
	Title = {International market segmentation based on consumer-product relations},
	Volume = {36},
	Year = {1999}}

@article{houston1987,
	Author = {Franklin S. Houston and Jule B. Gassenheimer},
	Journal = {The Journal of Marketing},
	Number = {4},
	Pages = {3-18},
	Title = {Marketing and Exchange},
	Volume = {51},
	Year = {1987}}

@article{humphreys2010,
	Author = {Ashlee Humphreys},
	Journal = {Journal of Marketing},
	Number = {2},
	Pages = {1-19},
	Title = {Megamarketing: The creation of markets as a social process},
	Volume = {74},
	Year = {2010}}

@book{hunt1999,
	Address = {Thousand Oaks, CA.},
	Author = {Shelby D. Hunt},
	Publisher = {Sage},
	Title = {A general theory of competition: Resources, competences, productivity, economic growth},
	Year = {1999}}

@article{kamakura1995,
	Author = {Wagner A. Kamakura and Michel Wedel},
	Journal = {Journal of Marketing Research},
	Number = {3},
	Pages = {308-317},
	Title = {Life-style segmentation with tailored interviewing},
	Volume = {32},
	Year = {1995}}

@article{kilbourne1997,
	Author = {William Kilbourne and Pierre McDonagh and Andrea Prothero},
	Journal = {Journal of Macromarketing},
	Number = {1},
	Pages = {4-24},
	Title = {Sustainable consumption and the quality of life: A macromarketing challenge to the dominant social paradigm},
	Volume = {17},
	Year = {1997}}

@article{kjellberg2007,
	Author = {Hans Kjellberg and Claes-Fredrik Helgesson},
	Journal = {Marketing Theory},
	Number = {2},
	Pages = {137-162},
	Title = {On the nature of markets and their practices},
	Volume = {7},
	Year = {2007}}

@book{knight1921,
	Address = {Boston, Mass.},
	Author = {F. H. Knight},
	Publisher = {Houghton Mifflin},
	Title = {Risk, uncertainty and profit},
	Year = {1921}}

@book{kotler1984,
	Address = {Englewood Cliffs, NJ},
	Author = {Philip Kotler},
	Edition = {5th},
	Publisher = {Prentice-Hall},
	Title = {Marketing Management},
	Year = {1984}}

@article{kotler1972,
	Author = {Philip Kotler},
	Date-Modified = {2015-03-18 21:27:12 +0000},
	Journal = {The Journal of Marketing},
	Number = {2},
	Pages = {46-54},
	Title = {A generic concept of marketing.},
	Volume = {36},
	Year = {1972}}

@article{kotler1969,
	Author = {Philip Kotler and Sidney J. Levy},
	Date-Modified = {2015-03-18 21:27:26 +0000},
	Journal = {The Journal of Marketing},
	Number = {1},
	Pages = {10-15},
	Title = {Broadening the concept of marketing.},
	Volume = {33},
	Year = {1969}}

@article{kotler1971,
	Author = {Philip Kotler and Gerald Zaltman},
	Journal = {The Journal of Marketing},
	Number = {July},
	Pages = {3-12},
	Title = {Social marketing: an approach to planned social change},
	Volume = {35},
	Year = {1971}}

@article{levitt1960,
	Author = {Theodore Levitt},
	Journal = {Harvard business review},
	Number = {4},
	Pages = {24-47},
	Title = {Marketing myopia},
	Volume = {38},
	Year = {1960}}

@book{loasby1999,
	Address = {New York, NY},
	Author = {B. J. Loasby},
	Publisher = {Routledge},
	Title = {Knowledge, institutions, and evolution in economics},
	Volume = {2},
	Year = {1999}}

@book{loasby1991,
	Address = {Manchester, U.K.},
	Author = {B. J. Loasby},
	Publisher = {Manchester Univ Pr},
	Title = {Equilibrium and evolution: an exploration of connecting principles in economics},
	Year = {1991}}

@article{loebler2014,
	Author = {Helge Loebler and Robert F. Lusch},
	Journal = {Service Science},
	Number = {3},
	Pages = {190-205},
	Title = {Signs and Practices as Resources in IT-Related Service Innovation},
	Volume = {6},
	Year = {2014}}

@article{luhmann2006,
	Author = {Niklas Luhmann},
	Journal = {Organization},
	Number = {1},
	Pages = {37-57},
	Title = {System as difference},
	Volume = {13},
	Year = {2006}}

@article{lusch2007a,
	Author = {Robert F. Lusch},
	Journal = {Journal of Public Policy \& Marketing},
	Number = {2},
	Pages = {261-268},
	Title = {Marketing's evolving identity: defining our future},
	Volume = {26},
	Year = {2007}}

@book{lusch2014,
	Address = {Cambridge, U.K.},
	Author = {Robert F. Lusch and Stephen L. Vargo},
	Publisher = {Cambridge University Press},
	Title = {Service-Dominant Logic: Premises, Perspectives, Possibilities},
	Year = {2014}}

@article{lusch2007b,
	Author = {Robert F. Lusch and Stephen L. Vargo and Matthew O'Brien},
	Journal = {Journal of Retailing},
	Number = {1},
	Pages = {5-18},
	Title = {Competing through service: insights from service-dominant logic},
	Volume = {83},
	Year = {2007}}

@article{lynch1994,
	Author = {James Lynch and Drue Schuler},
	Journal = {Psychology \& Marketing},
	Number = {5},
	Pages = {417-445},
	Title = {The matchup effect of spokesperson and product congruency: A schema theory interpretation},
	Volume = {11},
	Year = {1994}}

@article{macinnis2011,
	Author = {Deborah J. MacInnis},
	Journal = {Journal of Marketing},
	Number = {4},
	Pages = {136-154},
	Title = {A framework for conceptual contributions in marketing},
	Volume = {75},
	Year = {2011}}

@book{march1958,
	Address = {Oxford, England},
	Author = {James G. March and Herbert Alexander Simon},
	Publisher = {Wiley},
	Title = {Organizations},
	Year = {1958}}

@article{mars2012,
	Author = {Matthew M. Mars and Judith L. Bronstein and Robert F. Lusch},
	Date-Modified = {2015-03-18 21:28:00 +0000},
	Journal = {Organizational Dynamics},
	Number = {4},
	Pages = {271-280},
	Title = {The value of a metaphor: Organizations and ecosystems},
	Volume = {41},
	Year = {2012}}

@article{milgrom1982,
	Author = {Paul Milgrom and Nancy Stokey},
	Journal = {Journal of Economic Theory},
	Number = {1},
	Pages = {17-27},
	Title = {Information, trade and common knowledge},
	Volume = {26},
	Year = {1982}}

@article{normann1993,
	Author = {Richard Normann and Rafael Ramirez},
	Date-Modified = {2015-03-18 21:28:36 +0000},
	Journal = {Harvard Business Review},
	Number = {4},
	Pages = {65-77},
	Title = {Designing interactive strategy},
	Volume = {71},
	Year = {1993}}

@book{north1990,
	Address = {Cambridge, U.K.},
	Author = {Douglass C. North},
	Publisher = {Cambridge University Press},
	Title = {Institutions, institutional change and economic performance},
	Year = {1990}}

@article{ramaswamy1993,
	Author = {Venkatram Ramaswamy and Wayne S. DeSarbo and David J. Reibstein and William T. Robinson},
	Journal = {Marketing Science},
	Number = {1},
	Pages = {103-124},
	Title = {An empirical pooling approach for estimating marketing mix elasticities with PIMS data},
	Volume = {12},
	Year = {1993}}

@article{reibstein2009,
	Author = {David J. Reibstein and George Day and Jerry Wind},
	Journal = {Journal of Marketing},
	Number = {4},
	Pages = {1-3},
	Title = {Guest editorial: is marketing academia losing its way?},
	Volume = {73},
	Year = {2009}}

@book{rifkin1980,
	Address = {New York, NY},
	Author = {J. Rifkin},
	Publisher = {Basic Books},
	Title = {Entropy},
	Year = {1980}}

@article{rosa1999,
	Author = {Jose Antonio Rosa and Joseph F. Porac and Jelena Runser-Spanjol and Michael S. Saxon},
	Journal = {The Journal of Marketing},
	Number = {Fundamental Issues and Directions for Marketing},
	Pages = {64-77},
	Title = {Sociocognitive dynamics in a product market},
	Volume = {63},
	Year = {1999}}

@article{shannon1948,
	Author = {C. E. Shannon},
	Journal = {Bell System Technical Journal},
	Number = {July},
	Pages = {379-423},
	Title = {A mathematical theory of communication},
	Volume = {27},
	Year = {1948}}

@article{simon1978,
	Author = {Herbert A. Simon},
	Journal = {The American Economic Review},
	Number = {2: Papers and Proceedings of the Ninetieth Annual Meeting of The American Economic Association},
	Pages = {1-16},
	Title = {Rationality as process and as product of thought},
	Volume = {68},
	Year = {1978}}

@article{sperber1985,
	Author = {Dan Sperber},
	Journal = {Man},
	Number = {March},
	Pages = {73-89},
	Title = {Anthropology and psychology: Towards an epidemiology of representations},
	Volume = {20},
	Year = {1985}}

@article{stewart1981,
	Author = {David W. Stewart},
	Journal = {Journal of Marketing Research},
	Number = {1},
	Pages = {51-62},
	Title = {The application and misapplication of factor analysis in marketing research},
	Volume = {18},
	Year = {1981}}

@book{stinchcombe1990,
	Address = {Berkeley California},
	Author = {A. L. Stinchcombe},
	Publisher = {University of California Press},
	Title = {Information and organizations},
	Volume = {19},
	Year = {1990}}

@article{teece1986,
	Author = {David J. Teece},
	Journal = {Research policy},
	Number = {6},
	Pages = {285-305},
	Title = {Profiting from technological innovation: Implications for integration, collaboration, licensing and public policy},
	Volume = {15},
	Year = {1986}}

@article{vargo2011,
	Author = {Stephen L. Vargo and Robert F. Lusch},
	Journal = {Industrial Marketing Management},
	Number = {2},
	Pages = {181-187},
	Title = {It's all B2B{\^a}€¦ and beyond: Toward a systems perspective of the market},
	Volume = {40},
	Year = {2011}}

@article{vargo2008,
	Author = {Stephen L. Vargo and Robert F. Lusch},
	Journal = {Journal of the Academy of Marketing Science},
	Month = {Spring2008},
	Number = {1},
	Pages = {1-10},
	Title = {Service-dominant logic: continuing the evolution},
	Volume = {36},
	Year = {2008}}

@article{vargo2004,
	Author = {Stephen L. Vargo and Robert F. Lusch},
	Isbn = {00222429},
	Journal = {The Journal of Marketing},
	Language = {English},
	Month = {Jan.},
	Number = {1},
	Pages = {1-17},
	Title = {Evolving to a New Dominant Logic for Marketing},
	Url = {http://www.jstor.org/stable/30161971},
	Volume = {68},
	Year = {2004},
	Bdsk-Url-1 = {http://www.jstor.org/stable/30161971}}

@book{wedel2000,
	Address = {Norwell, MA},
	Author = {Michel Wedel},
	Publisher = {Kluwer Academic Plublishers},
	Title = {Market segmentation: Conceptual and methodological foundations},
	Year = {2000}}

@book{whitehead1951,
	Address = {New York, NY},
	Author = {A. N. Whitehead},
	Publisher = {Tudor Pub. Co},
	Title = {The Philosophy of Alfred North Whitehead},
	Volume = {3},
	Year = {1951}}

@book{whitehead1911,
	Address = {Cambridge, MA},
	Author = {A. N. Whitehead},
	Publisher = {Henry Holt and Company},
	Title = {An introduction to mathematics},
	Volume = {15},
	Year = {1911}}

@article{klingenstein2014,
	Author = {Klingenstein, Sara and Hitchcock, Tim and DeDeo, Simon},
	Journal = {Proceedings of the National Academy of Sciences},
	Number = {26},
	Pages = {9419--9424},
	Publisher = {National Acad Sciences},
	Title = {The civilizing process in London's Old Bailey},
	Volume = {111},
	Year = {2014}}

@phdthesis{goldberg2012,
	Author = {Goldberg, Amir},
	Month = {April},
	School = {Princeton},
	Title = {Where do Social Categories Come From? A comparative Analysis of Online Interaction and Categorical Emergence in Music and Finance},
	Year = {2012}}

@book{podolny2005,
	Author = {Podolny, Joel M},
	Publisher = {Princeton University Press},
	Title = {Status signals: A sociological study of market competition},
	Year = {2005}}

@article{podolny1993,
	Author = {Podolny, Joel M},
	Date-Modified = {2015-03-18 21:29:50 +0000},
	Journal = {American Journal of Sociology},
	Number = {4},
	Pages = {829--872},
	Publisher = {JSTOR},
	Title = {A status-based model of market competition},
	Volume = {98},
	Year = {1993}}

@article{podolny1994,
	Author = {Podolny, Joel M},
	Date-Modified = {2015-03-18 21:30:38 +0000},
	Journal = {Administrative Science Quarterly},
	Number = {3},
	Pages = {458--483},
	Publisher = {JSTOR},
	Title = {Market uncertainty and the social character of economic exchange},
	Volume = {39},
	Year = {1994}}

@article{podolny2001,
	Author = {Podolny, Joel M},
	Date-Modified = {2015-03-18 21:31:00 +0000},
	Journal = {American Journal of Sociology},
	Number = {1},
	Pages = {33--60},
	Title = {Networks as the Pipes and Prisms of the Market1},
	Volume = {107},
	Year = {2001}}

@article{malter2014,
	Author = {Malter, Daniel},
	Journal = {Administrative Science Quarterly},
	Pages = {0001839214532428},
	Publisher = {SAGE Publications},
	Title = {On the Causality and Cause of Returns to Organizational Status Evidence from the Grands Crus Class{\'e}s of the M{\'e}doc},
	Year = {2014}}

@article{powell1996,
	Author = {Powell, Walter W and Koput, Kenneth W and Smith-Doerr, Laurel},
	Date-Modified = {2015-03-18 21:34:59 +0000},
	Journal = {Administrative Science Quarterly},
	Number = {1},
	Pages = {116--145},
	Title = {Interorganizational collaboration and the locus of innovation: Networks of learning in biotechnology},
	Volume = {41},
	Year = {1996},
	Bdsk-File-1 = {YnBsaXN0MDDUAQIDBAUGJCVYJHZlcnNpb25YJG9iamVjdHNZJGFyY2hpdmVyVCR0b3ASAAGGoKgHCBMUFRYaIVUkbnVsbNMJCgsMDxJXTlMua2V5c1pOUy5vYmplY3RzViRjbGFzc6INDoACgAOiEBGABIAFgAdccmVsYXRpdmVQYXRoWWFsaWFzRGF0YV8QLC4uLy4uL3BhcGVycy9Qb3dlbGxLb3B1dFNtaXRoLURvZXJyLTE5OTYucGRm0hcLGBlXTlMuZGF0YU8RAfAAAAAAAfAAAgAADE1hY2ludG9zaCBIRAAAAAAAAAAAAAAAAAAAAMe4YDlIKwAABNYR/B9Qb3dlbGxLb3B1dFNtaXRoLURvZXJyLTE5OTYucGRmAAAAAAAAAAAAAAAAAAAAAAAAAAAAAAAAAAAAAAAAAAAFHUKJzLbnwwAAAAAAAAAAAAIAAgAACSAAAAAAAAAAAAAAAAAAAAAGcGFwZXJzABAACAAAx7jCqQAAABEACAAAzLdKMwAAAAEAFATWEfwE1hHxBNYRxwTEsdkAAJI7AAIAW01hY2ludG9zaCBIRDpVc2VyczoAcmVzZWFyY2g6AEdEcml2ZToARGlzc2VydGF0aW9uOgBwYXBlcnM6AFBvd2VsbEtvcHV0U21pdGgtRG9lcnItMTk5Ni5wZGYAAA4AQAAfAFAAbwB3AGUAbABsAEsAbwBwAHUAdABTAG0AaQB0AGgALQBEAG8AZQByAHIALQAxADkAOQA2AC4AcABkAGYADwAaAAwATQBhAGMAaQBuAHQAbwBzAGgAIABIAEQAEgBJVXNlcnMvcmVzZWFyY2gvR0RyaXZlL0Rpc3NlcnRhdGlvbi9wYXBlcnMvUG93ZWxsS29wdXRTbWl0aC1Eb2Vyci0xOTk2LnBkZgAAEwABLwAAFQACAA///wAAgAbSGxwdHlokY2xhc3NuYW1lWCRjbGFzc2VzXU5TTXV0YWJsZURhdGGjHR8gVk5TRGF0YVhOU09iamVjdNIbHCIjXE5TRGljdGlvbmFyeaIiIF8QD05TS2V5ZWRBcmNoaXZlctEmJ1Ryb290gAEACAARABoAIwAtADIANwBAAEYATQBVAGAAZwBqAGwAbgBxAHMAdQB3AIQAjgC9AMIAygK+AsACxQLQAtkC5wLrAvIC+wMAAw0DEAMiAyUDKgAAAAAAAAIBAAAAAAAAACgAAAAAAAAAAAAAAAAAAAMs}}

@article{powell1999,
	Author = {Powell, Walter W and Koput, Kenneth W and Smith-Doerr, Laurel and Owen-Smith, Jason},
	Journal = {Research in the Sociology of Organizations},
	Number = {1},
	Pages = {129--159},
	Publisher = {JAI Press Greenwich, CT},
	Title = {Network position and firm performance: Organizational returns to collaboration in the biotechnology industry},
	Volume = {16},
	Year = {1999}}

@book{rogers2002,
	Address = {New York, NY},
	Author = {Rogers, Everett M},
	Date-Modified = {2015-03-18 21:38:29 +0000},
	Publisher = {Simon and Schuster},
	Title = {Diffusion of innovations},
	Year = {2002}}

@article{bass1969,
	Author = {Bass, Frank M.},
	Copyright = {Copyright {\copyright} 1969 INFORMS},
	Issn = {00251909},
	Journal = {Management Science},
	Language = {English},
	Number = {5},
	Pages = {pp. 215-227},
	Publisher = {INFORMS},
	Title = {A New Product Growth for Model Consumer Durables},
	Url = {http://www.jstor.org/stable/2628128},
	Volume = {15},
	Year = {1969},
	Bdsk-Url-1 = {http://www.jstor.org/stable/2628128}}

@incollection{powell2008,
	Address = {London},
	Author = {Powell, Walter W and Colyvas, Jeannette A},
	Booktitle = {The Sage handbook of organizational institutionalism},
	Editor = {Greenwood, Royston and Oliver, Christine and Sahlin, Kerstin and Suddaby, Roy},
	Publisher = {Sage},
	Title = {Microfoundations of institutional theory},
	Year = 2008}

@book{thompson1967,
	Address = {New Brunswick, NJ},
	Author = {Thompson, James D},
	Date-Modified = {2015-03-18 22:09:45 +0000},
	Publisher = {Transaction publishers},
	Title = {Organizations in action: Social science bases of administrative theory},
	Year = {1967}}

@book{simon1957,
	Address = {New York, NY},
	Author = {Simon, Herbert A},
	Date-Modified = {2015-03-18 22:00:44 +0000},
	Publisher = {Wiley},
	Title = {Models of man; social and rational.},
	Year = {1957}}

@book{wolff2001,
	Address = {New York, NY},
	Author = {Wolff, George},
	Date-Modified = {2015-03-18 22:11:23 +0000},
	Publisher = {John Wiley \& Sons},
	Title = {The biotech investor's bible},
	Year = {2001}}

@article{powell2005,
	Author = {Powell, Walter W and White, Douglas R and Koput, Kenneth W and Owen-Smith, Jason},
	Date-Modified = {2015-03-18 21:35:14 +0000},
	Journal = {American Journal of Sociology},
	Number = {4},
	Pages = {1132--1205},
	Publisher = {JSTOR},
	Title = {Network dynamics and field evolution: The growth of interorganizational collaboration in the life sciences1},
	Volume = {110},
	Year = {2005}}

@article{simmel1957,
	Author = {Simmel, Georg},
	Date-Modified = {2015-03-18 21:57:55 +0000},
	Journal = {American Journal of Sociology},
	Number = {6},
	Pages = {541--558},
	Publisher = {JSTOR},
	Title = {Fashion},
	Volume = {62},
	Year = {1957}}

@book{schumpeter1942,
	Address = {Oxford, England},
	Author = {Schumpeter, Joseph Alois},
	Date-Modified = {2015-03-18 21:55:03 +0000},
	Publisher = {Routledge},
	Title = {Capitalism, Socialism and Democracy},
	Year = {1942}}

@article{dimaggio1983,
	Author = {DiMaggio, P. J. and Powell, W. W.},
	Journal = {American Sociological Review},
	Number = {2},
	Pages = {147--160},
	Title = {The iron cage revisited: institutional isomorphism and collective rationality in organizational field},
	Volume = {48},
	Year = {1983}}

@article{cattani2008,
	Author = {Cattani, Gino and Ferriani, Simone and Negro, Giacomo and Perretti, Fabrizio},
	Journal = {Administrative Science Quarterly},
	Number = {1},
	Pages = {145--182},
	Publisher = {SAGE Publications},
	Title = {The structure of consensus: Network ties, legitimation, and exit rates of US feature film producer organizations},
	Volume = {53},
	Year = {2008}}

@article{santos2009,
	Author = {Santos, Filipe M and Eisenhardt, Kathleen M},
	Journal = {Academy of Management Journal},
	Number = {4},
	Pages = {643--671},
	Publisher = {Academy of Management},
	Title = {Constructing markets and shaping boundaries: Entrepreneurial power in nascent fields},
	Volume = {52},
	Year = {2009}}

@article{lounsbury2007,
	Author = {Lounsbury, Michael and Crumley, Ellen T},
	Date-Modified = {2015-03-18 21:27:45 +0000},
	Journal = {Organization Studies},
	Number = {7},
	Pages = {993--1012},
	Publisher = {Sage Publications},
	Title = {New practice creation: An institutional perspective on innovation},
	Volume = {28},
	Year = {2007}}

@article{tripsas2009,
	Author = {Tripsas, Mary},
	Journal = {Organization Science},
	Number = {2},
	Pages = {441--460},
	Publisher = {INFORMS},
	Title = {Technology, identity, and inertia through the lens of ``The Digital Photography Company''},
	Volume = {20},
	Year = {2009}}

@article{petkova2014,
	Author = {Petkova, Antoaneta P and Wadhwa, Anu and Yao, Xin and Jain, Sanjay},
	Journal = {Academy of Management Journal},
	Number = {2},
	Pages = {422--448},
	Publisher = {Academy of Management},
	Title = {Reputation and Decision Making under Ambiguity: A Study of US Venture Capital Firms' Investments in the Emerging Clean Energy Sector},
	Volume = {57},
	Year = {2014}}

@book{hannan1992,
	Author = {Hannan, Michael T and Carroll, Glenn},
	Publisher = {Oxford University Press},
	Title = {Dynamics of organizational populations: Density, legitimation, and competition},
	Year = {1992}}

@article{tirunillai2014,
	Author = {Tirunillai, Seshadri and Tellis, Gerard J},
	Journal = {Journal of Marketing Research},
	Number = {4},
	Pages = {463--479},
	Publisher = {American Marketing Association},
	Title = {Mining Marketing Meaning from Online Chatter: Strategic Brand Analysis of Big Data Using Latent Dirichlet Allocation},
	Volume = {51},
	Year = {2014}}

@article{jurafsky2000,
	Author = {Jurafsky, Daniel and Martin, James H},
	Publisher = {Prentice Hall PTR},
	Title = {Speech and Language Processing: An Introduction to Natural Language Processing, Computational Linguistics, and Speech Recognition},
	Year = {2000}}

@article{porter1980,
	Author = {Porter, Martin F},
	Journal = {Program},
	Number = {3},
	Pages = {130--137},
	Publisher = {MCB UP Ltd},
	Title = {An algorithm for suffix stripping},
	Volume = {14},
	Year = {1980}}

@article{blei2012,
	Author = {Blei, David M},
	Journal = {Communications of the ACM},
	Number = {4},
	Pages = {77--84},
	Publisher = {ACM},
	Title = {Probabilistic topic models},
	Volume = {55},
	Year = {2012}}

@article{blei2009,
	Author = {Blei, David M and Lafferty, John D},
	Journal = {Text mining: classification, clustering, and applications},
	Pages = {71},
	Publisher = {Chapman \& Hall/CRC Data Mining and Knowledge Discovery Series},
	Title = {Topic models},
	Volume = {10},
	Year = {2009}}

@article{blei2007,
	Author = {Blei, David M and Lafferty, John D},
	Journal = {The Annals of Applied Statistics},
	Pages = {17--35},
	Publisher = {JSTOR},
	Title = {A correlated topic model of science},
	Year = {2007}}

@inproceedings{blei2006,
	Author = {Blei, David M and Lafferty, John D},
	Booktitle = {Proceedings of the 23rd international conference on Machine learning},
	Organization = {ACM},
	Pages = {113--120},
	Title = {Dynamic topic models},
	Year = {2006}}

@article{adamic2002,
	Author = {Lada A. Adamic and Bernardo A. Huberman},
	Journal = {Glottometrics},
	Number = {1},
	Pages = {143-150},
	Title = {Zipf{\^a}€{\texttrademark}s law and the Internet},
	Volume = {3},
	Year = {2002}}

@book{zipf1932,
	Address = {Cambridge, MA},
	Author = {George Kingsley Zipf},
	Date-Modified = {2015-03-18 22:13:26 +0000},
	Publisher = {Harvard University Press,},
	Title = {Selected studies of the principle of relative frequency in language.},
	Year = {1932}}

@article{kim1991,
	Author = {Kim, Oliver and Verrecchia, Robert E},
	Date-Modified = {2015-03-18 21:25:27 +0000},
	Journal = {Journal of Accounting Research},
	Number = {2},
	Pages = {302--321},
	Publisher = {JSTOR},
	Title = {Trading volume and price reactions to public announcements},
	Volume = {29},
	Year = {1991}}

@article{phillips1988,
	Author = {Phillips, Peter CB and Perron, Pierre},
	Journal = {Biometrika},
	Number = {2},
	Pages = {335--346},
	Publisher = {Biometrika Trust},
	Title = {Testing for a unit root in time series regression},
	Volume = {75},
	Year = {1988}}

@article{granger1974,
	Author = {Granger, Clive WJ and Newbold, Paul},
	Journal = {Journal of econometrics},
	Number = {2},
	Pages = {111--120},
	Publisher = {Elsevier},
	Title = {Spurious regressions in econometrics},
	Volume = {2},
	Year = {1974}}

@article{engle1987,
	Author = {Engle, Robert F and Granger, Clive WJ},
	Date-Modified = {2015-03-18 21:22:50 +0000},
	Journal = {Econometrica},
	Number = {2},
	Pages = {251--276},
	Publisher = {JSTOR},
	Title = {Co-integration and error correction: representation, estimation, and testing},
	Volume = {55},
	Year = {1987}}

@article{johansen1988,
	Author = {Johansen, S{\o}ren},
	Journal = {Journal of economic dynamics and control},
	Number = {2},
	Pages = {231--254},
	Publisher = {Elsevier},
	Title = {Statistical analysis of cointegration vectors},
	Volume = {12},
	Year = {1988}}

@article{trusov2009,
	Author = {Trusov, Michael and Bucklin, Randolph E and Pauwels, Koen},
	Journal = {Journal of marketing},
	Number = {5},
	Pages = {90--102},
	Publisher = {American Marketing Association},
	Title = {Effects of word-of-mouth versus traditional marketing: Findings from an internet social networking site},
	Volume = {73},
	Year = {2009}}

@article{xiong2013,
	Author = {Xiong, Guiyang and Bharadwaj, Sundar},
	Journal = {Journal of Marketing Research},
	Number = {6},
	Pages = {706--724},
	Publisher = {American Marketing Association},
	Title = {Asymmetric roles of advertising and marketing capability in financial returns to news: Turning bad into good and good into great},
	Volume = {50},
	Year = {2013}}

@article{johansen1995,
	Author = {Johansen, S{\o}ren},
	Journal = {Journal of econometrics},
	Number = {1},
	Pages = {111--132},
	Publisher = {Elsevier},
	Title = {Identifying restrictions of linear equations with applications to simultaneous equations and cointegration},
	Volume = {69},
	Year = {1995}}

@article{fama1969,
	Author = {Fama, Eugene F and Fisher, Lawrence and Jensen, Michael C and Roll, Richard},
	Journal = {International economic review},
	Number = {1},
	Pages = {1--21},
	Publisher = {JSTOR},
	Title = {The adjustment of stock prices to new information},
	Volume = {10},
	Year = {1969}}

@book{popper1996,
	Author = {Popper, Karl Raimund},
	Publisher = {Psychology Press},
	Title = {The Myth of the Framework: In Defence of Science and Rationality},
	Year = {1996}}

@article{colyvas2007,
	Author = {Colyvas, Jeannette A},
	Journal = {Research Policy},
	Number = {4},
	Pages = {456--476},
	Publisher = {Elsevier},
	Title = {From divergent meanings to common practices: The early institutionalization of technology transfer in the life sciences at Stanford University},
	Volume = {36},
	Year = {2007}}

@article{kirmani2000,
	Author = {Kirmani, Amna and Rao, Akshay R},
	Date-Modified = {2015-03-18 21:25:44 +0000},
	Journal = {Journal of Marketing},
	Number = {2},
	Pages = {66--79},
	Publisher = {American Marketing Association},
	Title = {No pain, no gain: A critical review of the literature on signaling unobservable product quality},
	Volume = {64},
	Year = {2000}}

@article{spence1973,
	Author = {Spence, Michael},
	Date-Modified = {2015-03-18 22:08:20 +0000},
	Journal = {The Quarterly Journal of Economics},
	Number = {3},
	Pages = {355--374},
	Publisher = {JSTOR},
	Title = {Job market signaling},
	Volume = {87},
	Year = {1973}}

@article{baum2000,
	Author = {Baum, Joel AC and Calabrese, Tony and Silverman, Brian S},
	Journal = {Strategic management journal},
	Number = {3},
	Pages = {267--294},
	Title = {Don't go it alone: Alliance network composition and startups' performance in Canadian biotechnology},
	Volume = {21},
	Year = {2000}}

@article{shane2002,
	Author = {Shane, Scott and Stuart, Toby},
	Date-Modified = {2015-03-18 21:56:37 +0000},
	Journal = {Management Science},
	Number = {1},
	Pages = {154--170},
	Publisher = {INFORMS},
	Title = {Organizational endowments and the performance of university start-ups},
	Volume = {48},
	Year = {2002}}

@book{koput2010,
	Author = {Koput, Kenneth W and Gutek, Barbara A},
	Publisher = {Edward Elgar Publishing},
	Title = {Gender Stratification in the IT Industry: Sex, Status and Social Capital},
	Year = {2010}}

@article{owen2004,
	Author = {Owen-Smith, Jason and Powell, Walter W},
	Date-Modified = {2015-03-18 21:28:56 +0000},
	Journal = {Organization Science},
	Number = {1},
	Pages = {5--21},
	Publisher = {INFORMS},
	Title = {Knowledge networks as channels and conduits: The effects of spillovers in the Boston biotechnology community},
	Volume = {15},
	Year = {2004}}

@article{kim2014,
	Author = {Kim, Jerry W and King, Brayden G},
	Journal = {Management Science},
	Number = {11},
	Pages = {2619--2644},
	Publisher = {INFORMS},
	Title = {Seeing Stars: Matthew Effects and Status Bias in Major League Baseball Umpiring},
	Volume = {60},
	Year = {2014}}

@article{merton1968,
	Author = {Merton, Robert K},
	Journal = {Science},
	Number = {3810},
	Pages = {56--63},
	Publisher = {Washington},
	Title = {The Matthew effect in science},
	Volume = {159},
	Year = {1968}}

@article{lynn2009,
	Author = {Lynn, Freda B and Podolny, Joel M and Tao, Lin},
	Journal = {American Journal of Sociology},
	Number = {3},
	Pages = {755--804},
	Publisher = {JSTOR},
	Title = {A Sociological (De) Construction of the Relationship between Status and Quality},
	Volume = {115},
	Year = {2009}}

@article{benjamin1999,
	Author = {Benjamin, Beth A and Podolny, Joel M},
	Journal = {Administrative science quarterly},
	Number = {3},
	Pages = {563--589},
	Publisher = {SAGE Publications},
	Title = {Status, quality, and social order in the California wine industry},
	Volume = {44},
	Year = {1999}}

@article{bothner2014,
	Author = {Bothner, Matthew S and Kim, Young-Kyu and Lee, Wonjae},
	Journal = {Social Science Research},
	Title = {Primary status, complementary status, and organizational survival in the US venture capital industry},
	Year = {2014}}

@article{washington2005,
	Author = {Washington, Marvin and Zajac, Edward J},
	Journal = {Academy of Management Journal},
	Number = {2},
	Pages = {282--296},
	Publisher = {Academy of Management},
	Title = {Status evolution and competition: Theory and evidence},
	Volume = {48},
	Year = {2005}}

@incollection{jensen2011,
	Address = {Cambridge},
	Author = {Jensen, M. and B. K. Kim and H. Kim},
	Booktitle = {Status in Management and Organizations},
	Editor = {J. L. Pearce},
	Pages = {87--117},
	Publisher = {Cambridge University Press},
	Title = {The importance of status in markets: A market identity perspective},
	Year = {2011}}

@book{hirsch1977,
	Author = {Hirsch, Fred},
	Publisher = {Routledge},
	Title = {Social limits to growth},
	Year = {1977}}

@book{bourdieu1984,
	Author = {Bourdieu, Pierre},
	Publisher = {Harvard University Press},
	Title = {Distinction: A social critique of the judgement of taste},
	Year = {1984}}

@book{veblen1899,
	Address = {Oxford, England},
	Author = {Veblen, Thorstein},
	Date-Modified = {2015-03-18 22:10:58 +0000},
	Publisher = {Oxford University Press},
	Title = {The theory of the leisure class},
	Year = {1899}}

@book{burt1992,
	Author = {Burt, Ronald S},
	Publisher = {Harvard University Press},
	Title = {Structural holes: The social structure of competition},
	Year = {1992}}

@article{baum1992,
	Author = {Baum, Joel AC and Oliver, Christine},
	Journal = {American Sociological Review},
	Pages = {540--559},
	Publisher = {JSTOR},
	Title = {Institutional embeddedness and the dynamics of organizational populations},
	Year = {1992}}

@article{mowery2001,
	Author = {David C. Mowery and Richard R. Nelson and Bhaven N. Sampat and Arvids A. Ziedonis},
	Journal = {Research policy},
	Number = {1},
	Pages = {99-119},
	Title = {The growth of patenting and licensing by US universities: an assessment of the effects of the Bayh{\^a}€``Dole act of 1980},
	Volume = {30},
	Year = {2001}}

@article{gilson1998,
	Author = {Ronald Gilson and Bernard Black},
	Journal = {Journal of Financial Economics},
	Number = {3},
	Pages = {243-277},
	Title = {Venture capital and the structure of capital markets: banks versus stock markets},
	Volume = {47},
	Year = {1998}}

@article{lerner1998,
	Author = {Josh Lerner and Robert P. Merges},
	Journal = {The Journal of Industrial Economics},
	Number = {2},
	Pages = {125-156},
	Title = {The control of technology alliances: An empirical analysis of the biotechnology industry},
	Volume = {46},
	Year = {1998}}

@book{blau1977,
	Author = {P. M. Blau},
	Publisher = {Free Press New York},
	Title = {Inequality and heterogeneity: A primitive theory of social structure},
	Year = {1977}}

@article{breiger1974,
	Author = {Ronald L. Breiger},
	Journal = {Social forces},
	Number = {2},
	Pages = {181-190},
	Title = {The duality of persons and groups},
	Volume = {53},
	Year = {1974}}

@article{baker1998,
	Author = {Wayne E. Baker and Robert R. Faulkner and Gene A. Fisher},
	Journal = {American Sociological Review},
	Number = {2},
	Pages = {147-177},
	Title = {Hazards of the market: The continuity and dissolution of interorganizational market relationships},
	Volume = {63},
	Year = {1998}}

@article{bonacich1972,
	Author = {Phillip Bonacich},
	Journal = {Journal of Mathematical Sociology},
	Number = {1},
	Pages = {113-120},
	Title = {Factoring and weighting approaches to status scores and clique identification},
	Volume = {2},
	Year = {1972}}

@article{burt1982,
	Author = {Burt, Ronald S},
	Publisher = {Academic Press},
	Title = {Toward a structural theory of action: network models of social Structure, Perception, and Action.},
	Year = {1982}}

@article{trajtenberg1990,
	Author = {Trajtenberg, Manuel},
	Date-Modified = {2015-03-18 22:10:32 +0000},
	Journal = {The Rand Journal of Economics},
	Number = {1},
	Pages = {172--187},
	Publisher = {JSTOR},
	Title = {A penny for your quotes: patent citations and the value of innovations},
	Volume = {21},
	Year = {1990}}

@incollection{smith1999,
	Address = {Norwell, MA},
	Author = {Smith-Doerr, Laurel and Owen-Smith, Jason and Koput, Kenneth W and Powell, Walter W},
	Booktitle = {Corporate social capital and liability},
	Date-Modified = {2015-03-18 22:07:25 +0000},
	Editor = {Leenders, Roger Th AJ, and Shaul M. Gabbay},
	Pages = {390--408},
	Publisher = {Kluwer Academic Publishers},
	Title = {Networks and knowledge production: Collaboration and patenting in biotechnology},
	Year = {1999}}

@article{srinivasan2009,
	Author = {Srinivasan, Shuba and Hanssens, Dominique M},
	Journal = {Journal of Marketing Research},
	Number = {3},
	Pages = {293--312},
	Publisher = {American Marketing Association},
	Title = {Marketing and firm value: Metrics, methods, findings, and future directions},
	Volume = {46},
	Year = {2009}}

@article{carhart1997,
	Author = {Carhart, Mark M},
	Date-Modified = {2015-03-18 21:16:18 +0000},
	Journal = {The Journal of Finance},
	Number = {1},
	Pages = {57--82},
	Publisher = {Wiley Online Library},
	Title = {On persistence in mutual fund performance},
	Volume = {52},
	Year = {1997}}

@article{sorescu2008,
	Author = {Sorescu, Alina B and Spanjol, Jelena},
	Journal = {Journal of Marketing},
	Number = {2},
	Pages = {114--132},
	Publisher = {American Marketing Association},
	Title = {Innovation's effect on firm value and risk: Insights from consumer packaged goods},
	Volume = {72},
	Year = {2008}}

@article{arellano1991,
	Author = {Arellano, Manuel and Bond, Stephen},
	Journal = {The review of economic studies},
	Number = {2},
	Pages = {277--297},
	Publisher = {Oxford University Press},
	Title = {Some tests of specification for panel data: Monte Carlo evidence and an application to employment equations},
	Volume = {58},
	Year = {1991}}

@article{arellano2001,
	Author = {Arellano, Manuel and Honor{\'e}, Bo},
	Journal = {Handbook of econometrics},
	Pages = {3229--3296},
	Publisher = {Elsevier},
	Title = {Panel data models: some recent developments},
	Volume = {5},
	Year = {2001}}

@article{arellano1995,
	Author = {Arellano, Manuel and Bover, Olympia},
	Journal = {Journal of econometrics},
	Number = {1},
	Pages = {29--51},
	Publisher = {Elsevier},
	Title = {Another look at the instrumental variable estimation of error-components models},
	Volume = {68},
	Year = {1995}}

@article{roodman2006,
	Author = {Roodman, David},
	Journal = {Center for Global Development working paper},
	Number = {103},
	Title = {How to do xtabond2: An introduction to difference and system GMM in Stata},
	Year = {2006}}

@article{webster1992,
	Author = {Webster Jr, Frederick E},
	Journal = {The Journal of Marketing},
	Pages = {1--17},
	Publisher = {JSTOR},
	Title = {The changing role of marketing in the corporation},
	Year = {1992}}

@article{lavie2007,
	Author = {Lavie, Dovev},
	Journal = {Strategic Management Journal},
	Number = {12},
	Pages = {1187--1212},
	Publisher = {Wiley Online Library},
	Title = {Alliance portfolios and firm performance: A study of value creation and appropriation in the US software industry},
	Volume = {28},
	Year = {2007}}
